@comment{This file has been generated by Pybliographer}
