@article{daniels2010monotone,
 author = {Daniels, Hennie and Velikova, Marina},
 title = {Monotone and Partially Monotone Neural Networks},
 journal = {IEEE Trans. Neural Netw.},
 volume = {21},
 number = {6},
 pages = {906-917},
 year = {2010},
 publisher = {Institute of Electrical and Electronics Engineers (IEEE)},
 source = {Crossref},
 url = {https://doi.org/10.1109/tnn.2010.2044803},
 month = jun,
}

@inproceedings{ffjord,
 author = {Grathwohl, Will and Chen, Ricky TQ and Bettencourt, Jesse and Sutskever, Ilya and Duvenaud, David},
 title = {{FFJORD:} {Free-form} Continuous Dynamics for Scalable Reversible Generative Models},
 booktitle = {International Conference on Machine Learning},
 year = {2018},
}

@inproceedings{MAF,
 author = {Papamakarios, George and Pavlakou, Theo and Murray, Iain},
 title = {Masked autoregressive flow for density estimation},
 booktitle = {Advances in Neural Information Processing Systems},
 pages = {2338--2347},
 year = {2017},
}

@inproceedings{RealNVP,
 author = {Dinh, Laurent and Sohl-Dickstein, Jascha and Bengio, Samy},
 title = {Density estimation using real nvp},
 booktitle = {International Conference in Learning Representations},
 year = {2017},
}

@inproceedings{MADE,
 author = {Germain, Mathieu and Gregor, Karol and Murray, Iain and Larochelle, Hugo},
 title = {Made: {Masked} autoencoder for distribution estimation},
 booktitle = {International Conference on Machine Learning},
 pages = {881--889},
 year = {2015},
}

@inproceedings{GLOW,
 author = {Kingma, Durk P and Dhariwal, Prafulla},
 title = {Glow: {Generative} flow with invertible 1x1 convolutions},
 booktitle = {Advances in Neural Information Processing Systems},
 pages = {10236--10245},
 year = {2018},
}

@inproceedings{IAF,
 author = {Kingma, Durk P and Salimans, Tim and Jozefowicz, Rafal and Chen, Xi and Sutskever, Ilya and Welling, Max},
 title = {Improved variational inference with inverse autoregressive flow},
 booktitle = {Advances in neural information processing systems},
 pages = {4743--4751},
 year = {2016},
}

@inproceedings{TAN,
 author = {Oliva, Junier and Dubey, Avinava and Zaheer, Manzil and Poczos, Barnabas and Salakhutdinov, Ruslan and Xing, Eric and Schneider, Jeff},
 title = {Transformation Autoregressive Networks},
 booktitle = {International Conference on Machine Learning},
 pages = {3895--3904},
 year = {2018},
}

@inproceedings{NAF,
 author = {Huang, Chin-Wei and Krueger, David and Lacoste, Alexandre and Courville, Aaron},
 title = {Neural Autoregressive Flows},
 booktitle = {International Conference on Machine Learning},
 pages = {2083--2092},
 year = {2018},
}

@inproceedings{NF,
 author = {Rezende, Danilo and Mohamed, Shakir},
 title = {Variational Inference with Normalizing Flows},
 booktitle = {International Conference on Machine Learning},
 pages = {1530--1538},
 year = {2015},
}

@inproceedings{SNL,
 author = {Papamakarios, George and Sterratt, David C and Murray, Iain},
 title = {Sequential neural likelihood: {Fast} likelihood-free inference with autoregressive flows},
 booktitle = {22nd International Conference on Artificial Intelligence and Statistics (AISTATS)},
 year = {2019},
}

@inproceedings{wavenet,
 author = {Van Den Oord, A{\"a}ron and Dieleman, Sander and Zen, Heiga and Simonyan, Karen and Vinyals, Oriol and Graves, Alex and Kalchbrenner, Nal and Senior, Andrew and Kavukcuoglu, Koray},
 title = {{WaveNet:} {A} Generative Model for Raw Audio},
 booktitle = {9th ISCA Speech Synthesis Workshop},
 year = {2016},
 pages = {125--125},
}

@inproceedings{parallel_wavenet,
 author = {Van Den Oord, A{\"a}ron and Li, Yazhe and Babuschkin, Igor and Simonyan, Karen and Vinyals, Oriol and Kavukcuoglu, Koray and Driessche, George and Lockhart, Edward and Cobo, Luis and Stimberg, Florian and others},
 title = {Parallel {WaveNet:} {Fast} High-Fidelity Speech Synthesis},
 booktitle = {International Conference on Machine Learning},
 pages = {3915--3923},
 year = {2018},
}

@article{flow_rl1,
 author = {Tang, Yunhao and Agrawal, Shipra},
 title = {Boosting Trust Region Policy Optimization by Normalizing Flows Policy},
 journal = {arXiv preprint arXiv:1809.10326},
 year = {2018},
}

@inproceedings{flow_rl2,
 author = {Haarnoja, Tuomas and Hartikainen, Kristian and Abbeel, Pieter and Levine, Sergey},
 title = {Latent Space Policies for Hierarchical Reinforcement Learning},
 booktitle = {International Conference on Machine Learning},
 pages = {1846--1855},
 year = {2018},
}

@inproceedings{pp,
 author = {Tran, Dustin and Hoffman, Matthew D and Saurous, Rif A and Brevdo, Eugene and Murphy, Kevin and Blei, David M},
 title = {Deep probabilistic programming},
 booktitle = {5th International Conference on Learning Representations (ICLR)},
 year = {2017},
}

@article{BNAF,
 author = {De Cao, Nicola and Titov, Ivan and Aziz, Wilker},
 title = {Block Neural Autoregressive Flow},
 journal = {arXiv preprint arXiv:1904.04676},
 year = {2019},
}

@article{L_regularisation,
 author = {Gouk, Henry and Frank, Eibe and Pfahringer, Bernhard and Cree, Michael},
 title = {Regularisation of neural networks by enforcing lipschitz continuity},
 journal = {arXiv preprint arXiv:1804.04368},
 year = {2018},
}

@inproceedings{NICE,
 author = {Dinh, Laurent and Krueger, David and Bengio, Yoshua},
 title = {NICE: {Non-linear} independent components estimation},
 booktitle = {International Conference in Learning Representations workshop track},
 year = {2015},
}

@inproceedings{NODE,
 author = {Chen, Tian Qi and Rubanova, Yulia and Bettencourt, Jesse and Duvenaud, David K},
 title = {Neural ordinary differential equations},
 booktitle = {Advances in Neural Information Processing Systems},
 pages = {6571--6583},
 year = {2018},
}

@inproceedings{SylvesterFlow,
 author = {Van Den Berg, Rianne and Hasenclever, Leonard and Tomczak, Jakub M and Welling, Max},
 title = {{Sylvester} normalizing flows for variational inference},
 booktitle = {Conference on Uncertainty in Artificial Intelligence (UAI)},
 year = {2018},
}

@inproceedings{VAE,
 author = {Kingma, Diederik P and Welling, Max},
 title = {Auto-encoding variational bayes},
 booktitle = {2nd International Conference on Learning Representations (ICLR)},
 year = {2013},
}

@inproceedings{NNmonotonicNips,
 author = {Sill, Joseph},
 title = {Monotonic networks},
 booktitle = {Advances in neural information processing systems},
 pages = {661--667},
 year = {1998},
}

@article{NNMonotonicBackprop,
 author = {Archer, Norman P. and Wang, Shouhong},
 title = {Application of the Back Propagation Neural Network Algorithm with Monotonicity Constraints for Two-Group Classification Problems},
 journal = {Decision Sciences},
 volume = {24},
 number = {1},
 pages = {60-75},
 year = {1993},
 publisher = {Wiley},
 source = {Crossref},
 url = {https://doi.org/10.1111/j.1540-5915.1993.tb00462.x},
 month = jan,
}

@inproceedings{hypernetworks,
 author = {Ha, David and Dai, Andrew M. and Le, Quoc V.},
 title = {{HyperNetworks}},
 booktitle = {5th International Conference on Learning Representations, {ICLR} 2017, Toulon, France, April 24-26, 2017, Conference Track Proceedings},
 year = {2017},
}

@inproceedings{lattice2,
 author = {You, Seungil and Ding, David and Canini, Kevin and Pfeifer, Jan and Gupta, Maya},
 title = {Deep lattice networks and partial monotonic functions},
 booktitle = {Advances in Neural Information Processing Systems},
 pages = {2981--2989},
 year = {2017},
}

@article{lattice1,
 author = {Gupta, Maya and Cotter, Andrew and Pfeifer, Jan and Voevodski, Konstantin and Canini, Kevin and Mangylov, Alexander and Moczydlowski, Wojciech and Van Esbroeck, Alexander},
 title = {Monotonic calibrated interpolated look-up tables},
 journal = {The Journal of Machine Learning Research},
 volume = {17},
 number = {1},
 pages = {3790--3836},
 year = {2016},
 publisher = {JMLR. org},
}

@article{sos,
 author = {Jaini, Priyank and Selby, Kira A and Yu, Yaoliang},
 title = {Sum-of-Squares Polynomial Flow},
 journal = {arXiv preprint arXiv:1905.02325},
 year = {2019},
}

@inproceedings{DAG-1,
 author = {Zheng, Xun and Aragam, Bryon and Ravikumar, Pradeep K and Xing, Eric P},
 title = {{DAGs} with {NO} {TEARS:} {Continuous} optimization for structure learning},
 booktitle = {Advances in Neural Information Processing Systems},
 pages = {9472--9483},
 year = {2018},
}

@inproceedings{DAG-2,
 author = {Yu, Yue and Chen, Jie and Gao, Tian and Yu, Mo},
 title = {{DAG}-{GNN:} {Dag} Structure Learning with Graph Neural Networks},
 booktitle = {International Conference on Machine Learning},
 pages = {7154--7163},
 year = {2019},
}

@article{DAG-3,
 author = {Lachapelle, S{\'e}bastien and Brouillard, Philippe and Deleu, Tristan and Lacoste-Julien, Simon},
 title = {Gradient-based neural dag learning},
 journal = {arXiv preprint arXiv:1906.02226},
 year = {2019},
}

@inproceedings{UMNN,
 author = {Wehenkel, Antoine and Louppe, Gilles},
 title = {Unconstrained monotonic neural networks},
 booktitle = {Advances in Neural Information Processing Systems},
 pages = {1543--1553},
 year = {2019},
}

@article{flows-tori,
 author = {Rezende, Danilo Jimenez and Papamakarios, George and Racaniere, S{\'e}bastien and Albergo, Michael S and Kanwar, Gurtej and Shanahan, Phiala E and Cranmer, Kyle},
 title = {Normalizing flows on tori and spheres},
 journal = {arXiv preprint arXiv:2002.02428},
 year = {2020},
}

@article{flows-review,
 author = {Papamakarios, George and Nalisnick, Eric and Rezende, Danilo Jimenez and Mohamed, Shakir and Lakshminarayanan, Balaji},
 title = {Normalizing Flows for Probabilistic Modeling and Inference},
 journal = {arXiv preprint arXiv:1912.02762},
 year = {2019},
}

@inproceedings{neural-spline-flows,
 author = {Durkan, Conor and Bekasov, Artur and Murray, Iain and Papamakarios, George},
 title = {Neural spline flows},
 booktitle = {Advances in Neural Information Processing Systems},
 pages = {7509--7520},
 year = {2019},
}

@article{flows-GW,
 author = {Green, Stephen R and Simpson, Christine and Gair, Jonathan},
 title = {Gravitational-wave parameter estimation with autoregressive neural network flows},
 journal = {arXiv preprint arXiv:2002.07656},
 year = {2020},
}

@article{chickering-NP-hard,
 author = {Chickering, David Maxwell and Heckerman, David and Meek, Christopher},
 title = {Large-sample learning of {Bayesian} networks is {NP}-hard},
 journal = {Journal of Machine Learning Research},
 volume = {5},
 number = {Oct},
 pages = {1287--1330},
 year = {2004},
}

@incollection{d-separation,
 author = {Geiger, Dan and Verma, Thomas and Pearl, Judea},
 title = {d-Separation: {From} Theorems to Algorithms},
 booktitle = {Uncertainty in Artificial Intelligence},
 volume = {10},
 pages = {139-148},
 year = {1990},
 publisher = {Elsevier},
 source = {Crossref},
 url = {https://doi.org/10.1016/b978-0-444-88738-2.50018-x},
}

@article{chow-liu,
 author = {Chow, C. and Liu, C.},
 title = {Approximating discrete probability distributions with dependence trees},
 journal = {IEEE Trans. Inform. Theory},
 volume = {14},
 number = {3},
 pages = {462-467},
 year = {1968},
 publisher = {Institute of Electrical and Electronics Engineers (IEEE)},
 source = {Crossref},
 url = {https://doi.org/10.1109/tit.1968.1054142},
 month = may,
}

@book{pc-algorithm,
 author = {Spirtes, Peter and Glymour, Clark and Scheines, Richard},
 title = {Causation, Prediction, and Search},
 year = {2001},
 publisher = {The MIT Press},
 source = {Crossref},
 url = {https://doi.org/10.7551/mitpress/1754.001.0001},
}

@book{PGM-book,
 author = {Koller, Daphne and Friedman, Nir},
 title = {Probabilistic graphical models: {Principles} and techniques},
 year = {2009},
 publisher = {MIT press},
}

@article{papamakarios2019normalizing,
 author = {Papamakarios, George and Nalisnick, Eric and Rezende, Danilo Jimenez and Mohamed, Shakir and Lakshminarayanan, Balaji},
 title = {Normalizing Flows for Probabilistic Modeling and Inference},
 journal = {arXiv preprint arXiv:1912.02762},
 year = {2019},
}

@article{NF-review-2,
 author = {Kobyzev, Ivan and Prince, Simon and Brubaker, Marcus},
 title = {Normalizing Flows: {An} Introduction and Review of Current Methods},
 journal = {IEEE Trans. Pattern Anal. Mach. Intell.},
 keywords = {Statistics - Machine Learning, Computer Science - Machine Learning},
 year = {2020},
 month = aug,
 eid = {arXiv:1908.09257},
 pages = {1-1},
 archiveprefix = {arXiv},
 eprint = {1908.09257},
 primaryclass = {stat.ML},
 adsurl = {https://ui.adsabs.harvard.edu/abs/2019arXiv190809257K},
 adsnote = {Provided by the SAO/NASA Astrophysics Data System},
 source = {Crossref},
 url = {https://doi.org/10.1109/tpami.2020.2992934},
 publisher = {Institute of Electrical and Electronics Engineers (IEEE)},
}

@inproceedings{johnson2016composing,
 author = {Johnson, Matthew J and Duvenaud, David K and Wiltschko, Alex and Adams, Ryan P and Datta, Sandeep R},
 title = {Composing graphical models with neural networks for structured representations and fast inference},
 booktitle = {Advances in neural information processing systems},
 pages = {2946--2954},
 year = {2016},
}

@book{Pearl-BN,
 author = {Pearl, Judea and Russell, Stuart},
 title = {{Bayesian} networks},
 publisher = {California Digital Library},
 year = {2011},
}

@article{BN-app-1,
 author = {Díez, F.J. and Mira, J. and Iturralde, E. and Zubillaga, S.},
 title = {{DIAVAL,} a {Bayesian} expert system for echocardiography},
 journal = {Artif. Intell. Med.},
 volume = {10},
 number = {1},
 pages = {59-73},
 year = {1997},
 source = {Crossref},
 url = {https://doi.org/10.1016/s0933-3657(97)00384-9},
 month = may,
}

@article{BN-app-2,
 author = {Kahn, Charles E. and Roberts, Linda M. and Shaffer, Katherine A. and Haddawy, Peter},
 title = {Construction of a {Bayesian} network for mammographic diagnosis of breast cancer},
 journal = {Comput. Biol. Med.},
 volume = {27},
 number = {1},
 pages = {19-29},
 year = {1997},
 source = {Crossref},
 url = {https://doi.org/10.1016/s0010-4825(96)00039-x},
 month = jan,
}

@article{BN-app-3,
 author = {Seixas, Flávio Luiz and Zadrozny, Bianca and Laks, Jerson and Conci, Aura and Muchaluat Saade, Débora Christina},
 title = {A {Bayesian} network decision model for supporting the diagnosis of dementia, Alzheimer's disease and mild cognitive impairment},
 journal = {Comput. Biol. Med.},
 volume = {51},
 pages = {140-158},
 year = {2014},
 source = {Crossref},
 url = {https://doi.org/10.1016/j.compbiomed.2014.04.010},
 month = aug,
}

@incollection{geiger1994learning,
 author = {Geiger, Dan and Heckerman, David},
 title = {Learning {Gaussian} Networks},
 booktitle = {Uncertainty Proceedings 1994},
 pages = {235-243},
 year = {1994},
 source = {Crossref},
 url = {https://doi.org/10.1016/b978-1-55860-332-5.50035-3},
}

@inproceedings{friedman1998bayesian,
 author = {Friedman, Nir and Goldszmidt, Moises and Lee, Thomas J},
 title = {{Bayesian} Network Classification with Continuous Attributes: {Getting} the Best of Both Discretization and Parametric Fitting.},
 booktitle = {ICML},
 volume = {98},
 pages = {179--187},
 year = {1998},
}

@book{sedgewick2011algorithms,
 author = {Sedgewick, Robert and Wayne, Kevin},
 title = {Algorithms},
 year = {2011},
 publisher = {Addison-wesley professional},
}

@article{depth-dag,
  title={Characterizing DAG-depth of directed graphs},
  author={Bezek, Mat{\'u}{\v{s}}},
  journal={arXiv preprint arXiv:1612.04980},
  year={2016}
}

@article{tabak2010density,
  title={Density estimation by dual ascent of the log-likelihood},
  author={Tabak, Esteban G and Vanden-Eijnden, Eric and others},
  journal={Communications in Mathematical Sciences},
  volume={8},
  number={1},
  pages={217--233},
  year={2010},
  publisher={International Press of Boston}
}
@article{rippel2013high,
  title={High-dimensional probability estimation with deep density models},
  author={Rippel, Oren and Adams, Ryan Prescott},
  journal={arXiv preprint arXiv:1302.5125},
  year={2013}
}
@article{tabak2013family,
  title={A family of nonparametric density estimation algorithms},
  author={Tabak, Esteban G and Turner, Cristina V},
  journal={Communications on Pure and Applied Mathematics},
  volume={66},
  number={2},
  pages={145--164},
  year={2013},
  publisher={Wiley Online Library}
}

@article{kim2018flowavenet,
  title={FloWaveNet: A generative flow for raw audio},
  author={Kim, Sungwon and Lee, Sang-gil and Song, Jongyoon and Kim, Jaehyeon and Yoon, Sungroh},
  journal={arXiv preprint arXiv:1811.02155},
  year={2018}
}

@inproceedings{prenger2019waveglow,
  title={Waveglow: A flow-based generative network for speech synthesis},
  author={Prenger, Ryan and Valle, Rafael and Catanzaro, Bryan},
  booktitle={ICASSP 2019-2019 IEEE International Conference on Acoustics, Speech and Signal Processing (ICASSP)},
  pages={3617--3621},
  year={2019},
  organization={IEEE}
}

@inproceedings{kingma2016improved,
  title={Improved variational inference with inverse autoregressive flow},
  author={Kingma, Durk P and Salimans, Tim and Jozefowicz, Rafal and Chen, Xi and Sutskever, Ilya and Welling, Max},
  booktitle={Advances in neural information processing systems},
  pages={4743--4751},
  year={2016}
}

@article{berg2018sylvester,
  title={Sylvester normalizing flows for variational inference},
  author={Van Den Berg, Rianne and Hasenclever, Leonard and Tomczak, Jakub M and Welling, Max},
  journal={arXiv preprint arXiv:1803.05649},
  year={2018}
}

@article{greenberg2019automatic,
  title={Automatic posterior transformation for likelihood-free inference},
  author={Greenberg, David S and Nonnenmacher, Marcel and Macke, Jakob H},
  journal={arXiv preprint arXiv:1905.07488},
  year={2019}
}

@article{huang2018neural,
  title={Neural autoregressive flows},
  author={Huang, Chin-Wei and Krueger, David and Lacoste, Alexandre and Courville, Aaron},
  journal={arXiv preprint arXiv:1804.00779},
  year={2018}
}

@inproceedings{de2020block,
  title={Block neural autoregressive flow},
  author={De Cao, Nicola and Aziz, Wilker and Titov, Ivan},
  booktitle={Uncertainty in Artificial Intelligence},
  pages={1263--1273},
  year={2020},
  organization={PMLR}
}

@article{gumbel1,
  title={The concrete distribution: A continuous relaxation of discrete random variables},
  author={Maddison, Chris J and Mnih, Andriy and Teh, Yee Whye},
  journal={arXiv preprint arXiv:1611.00712},
  year={2016}
}

@article{gumbel2,
  title={Categorical reparameterization with gumbel-softmax},
  author={Jang, Eric and Gu, Shixiang and Poole, Ben},
  journal={arXiv preprint arXiv:1611.01144},
  year={2016}
}

@article{wehenkel2020you,
  title={You say Normalizing Flows I see Bayesian Networks},
  author={Wehenkel, Antoine and Louppe, Gilles},
  journal={arXiv preprint arXiv:2006.00866},
  year={2020}
}

@inproceedings{DAG-4,
  title={Learning sparse nonparametric DAGs},
  author={Zheng, Xun and Dan, Chen and Aragam, Bryon and Ravikumar, Pradeep and Xing, Eric},
  booktitle={International Conference on Artificial Intelligence and Statistics},
  pages={3414--3425},
  year={2020},
  organization={PMLR}
}

@article{proteins,
  title={Causal Protein-Signaling Networks Derived from Multiparameter Single-Cell Data.},
  author={Sachs, K. and Perez, O. and Pe'er, D. and Lauffenburger, D. A. and Nolan, G. P.},
  journal={Science},
  volume={308},
  pages={523-529},
  year={2005}
}

@inproceedings{wood,
  title={Structured Conditional Continuous Normalizing Flows for Efficient Amortized Inference in Graphical Models},
  author={Weilbach, Christian and Beronov, Boyan and Wood, Frank and Harvey, William},
  booktitle={International Conference on Artificial Intelligence and Statistics},
  pages={4441--4451},
  year={2020},
  organization={PMLR}
}

@article{flow_review_2,
  title={Normalizing flows: An introduction and review of current methods},
  author={Kobyzev, Ivan and Prince, Simon and Brubaker, Marcus},
  journal={IEEE Transactions on Pattern Analysis and Machine Intelligence},
  year={2020},
  publisher={IEEE}
}

@article{proba_prog,
  title={An introduction to probabilistic programming},
  author={van de Meent, Jan-Willem and Paige, Brooks and Yang, Hongseok and Wood, Frank},
  journal={arXiv preprint arXiv:1809.10756},
  year={2018}
}

@article{khemakhem2020causal,
  title={Causal Autoregressive Flows},
  author={Khemakhem, Ilyes and Monti, Ricardo Pio and Leech, Robert and Hyv{\"a}rinen, Aapo},
  journal={arXiv preprint arXiv:2011.02268},
  year={2020}
}