@article{daniels2010monotone,
  title={Monotone and partially monotone neural networks},
  author={Daniels, Hennie and Velikova, Marina},
  journal={IEEE Transactions on Neural Networks},
  volume={21},
  number={6},
  pages={906--917},
  year={2010},
  publisher={IEEE}
}

@inproceedings{ffjord,
  title={FFJORD: Free-Form Continuous Dynamics for Scalable Reversible Generative Models},
  author={Grathwohl, Will and Chen, Ricky TQ and Bettencourt, Jesse and Sutskever, Ilya and Duvenaud, David},
  booktitle={International Conference on Machine Learning},
  year={2018}
}

@inproceedings{MAF,
  title={Masked autoregressive flow for density estimation},
  author={Papamakarios, George and Pavlakou, Theo and Murray, Iain},
  booktitle={Advances in Neural Information Processing Systems},
  pages={2338--2347},
  year={2017}  
}

@inproceedings{RealNVP,
  title={Density estimation using real nvp},
  author={Dinh, Laurent and Sohl-Dickstein, Jascha and Bengio, Samy},
  booktitle={International Conference in Learning Representations},
  year={2017}
}

@inproceedings{MADE,
  title={Made: Masked autoencoder for distribution estimation},
  author={Germain, Mathieu and Gregor, Karol and Murray, Iain and Larochelle, Hugo},
  booktitle={International Conference on Machine Learning},
  pages={881--889},
  year={2015}
}

@inproceedings{GLOW,
  title={Glow: Generative flow with invertible 1x1 convolutions},
  author={Kingma, Durk P and Dhariwal, Prafulla},
  booktitle={Advances in Neural Information Processing Systems},
  pages={10236--10245},
  year={2018}
}

@inproceedings{IAF,
  title={Improved variational inference with inverse autoregressive flow},
  author={Kingma, Durk P and Salimans, Tim and Jozefowicz, Rafal and Chen, Xi and Sutskever, Ilya and Welling, Max},
  booktitle={Advances in neural information processing systems},
  pages={4743--4751},
  year={2016}
}

@inproceedings{TAN,
  title={Transformation Autoregressive Networks},
  author={Oliva, Junier and Dubey, Avinava and Zaheer, Manzil and Poczos, Barnabas and Salakhutdinov, Ruslan and Xing, Eric and Schneider, Jeff},
  booktitle={International Conference on Machine Learning},
  pages={3895--3904},
  year={2018}
}

@inproceedings{NAF,
  title={Neural Autoregressive Flows},
  author={Huang, Chin-Wei and Krueger, David and Lacoste, Alexandre and Courville, Aaron},
  booktitle={International Conference on Machine Learning},
  pages={2083--2092},
  year={2018}
}

@inproceedings{NF,
  title={Variational Inference with Normalizing Flows},
  author={Rezende, Danilo and Mohamed, Shakir},
  booktitle={International Conference on Machine Learning},
  pages={1530--1538},
  year={2015}
}

@inproceedings{SNL,
  title={Sequential neural likelihood: Fast likelihood-free inference with autoregressive flows},
  author={Papamakarios, George and Sterratt, David C and Murray, Iain},
  booktitle={22nd International Conference on Artificial Intelligence and Statistics (AISTATS)},
  year={2019}
}

@inproceedings{wavenet,
  title={WaveNet: A Generative Model for Raw Audio},
  author={van den Oord, A{\"a}ron and Dieleman, Sander and Zen, Heiga and Simonyan, Karen and Vinyals, Oriol and Graves, Alex and Kalchbrenner, Nal and Senior, Andrew and Kavukcuoglu, Koray},
  booktitle={9th ISCA Speech Synthesis Workshop},
  year={2016},
  pages={125--125}
}

@inproceedings{parallel_wavenet,
  title={Parallel WaveNet: Fast High-Fidelity Speech Synthesis},
  author={Oord, Aaron and Li, Yazhe and Babuschkin, Igor and Simonyan, Karen and Vinyals, Oriol and Kavukcuoglu, Koray and Driessche, George and Lockhart, Edward and Cobo, Luis and Stimberg, Florian and others},
  booktitle={International Conference on Machine Learning},
  pages={3915--3923},
  year={2018}
}

@article{flow_rl1,
  title={Boosting Trust Region Policy Optimization by Normalizing Flows Policy},
  author={Tang, Yunhao and Agrawal, Shipra},
  journal={arXiv preprint arXiv:1809.10326},
  year={2018}
}

@inproceedings{flow_rl2,
  title={Latent Space Policies for Hierarchical Reinforcement Learning},
  author={Haarnoja, Tuomas and Hartikainen, Kristian and Abbeel, Pieter and Levine, Sergey},
  booktitle={International Conference on Machine Learning},
  pages={1846--1855},
  year={2018}
}

@inproceedings{pp,
  title={Deep probabilistic programming},
  author={Tran, Dustin and Hoffman, Matthew D and Saurous, Rif A and Brevdo, Eugene and Murphy, Kevin and Blei, David M},
  booktitle={5th International Conference on Learning Representations (ICLR)},
  year={2017}
}

@article{BNAF,
  title={Block Neural Autoregressive Flow},
  author={De Cao, Nicola and
          Titov, Ivan and
          Aziz, Wilker},
  journal={arXiv preprint arXiv:1904.04676},
  year={2019}
}

@article{L_regularisation,
  title={Regularisation of neural networks by enforcing lipschitz continuity},
  author={Gouk, Henry and Frank, Eibe and Pfahringer, Bernhard and Cree, Michael},
  journal={arXiv preprint arXiv:1804.04368},
  year={2018}
}

@inproceedings{NICE,
  title={Nice: Non-linear independent components estimation},
  author={Dinh, Laurent and Krueger, David and Bengio, Yoshua},
  booktitle={International Conference in Learning Representations workshop track},
  year={2015}
}

@inproceedings{NODE,
  title={Neural ordinary differential equations},
  author={Chen, Tian Qi and Rubanova, Yulia and Bettencourt, Jesse and Duvenaud, David K},
  booktitle={Advances in Neural Information Processing Systems},
  pages={6571--6583},
  year={2018}
}

@inproceedings{SylvesterFlow,
  title={Sylvester normalizing flows for variational inference},
  author={Berg, Rianne van den and Hasenclever, Leonard and Tomczak, Jakub M and Welling, Max},
  booktitle={Conference on Uncertainty in Artificial Intelligence (UAI)},
  year={2018}
}

@inproceedings{VAE,
  title={Auto-encoding variational bayes},
  author={Kingma, Diederik P and Welling, Max},
  booktitle={2nd International Conference
on Learning Representations (ICLR)},
  year={2013}
}

@inproceedings{NNmonotonicNips,
  title={Monotonic networks},
  author={Sill, Joseph},
  booktitle={Advances in neural information processing systems},
  pages={661--667},
  year={1998}
}
@article{NNMonotonicBackprop,
  title={Application of the back propagation neural network algorithm with monotonicity constraints for two-group classification problems},
  author={Archer, Norman P and Wang, Shouhong},
  journal={Decision Sciences},
  volume={24},
  number={1},
  pages={60--75},
  year={1993},
  publisher={Wiley Online Library}
}

@inproceedings{hypernetworks, 
  author    = {David Ha and
               Andrew M. Dai and
               Quoc V. Le},
  title     = {HyperNetworks},
  booktitle = {5th International Conference on Learning Representations, {ICLR} 2017,
               Toulon, France, April 24-26, 2017, Conference Track Proceedings},
  year      = {2017}
}

@inproceedings{lattice2,
  title={Deep lattice networks and partial monotonic functions},
  author={You, Seungil and Ding, David and Canini, Kevin and Pfeifer, Jan and Gupta, Maya},
  booktitle={Advances in Neural Information Processing Systems},
  pages={2981--2989},
  year={2017}
}

@article{lattice1,
  title={Monotonic calibrated interpolated look-up tables},
  author={Gupta, Maya and Cotter, Andrew and Pfeifer, Jan and Voevodski, Konstantin and Canini, Kevin and Mangylov, Alexander and Moczydlowski, Wojciech and Van Esbroeck, Alexander},
  journal={The Journal of Machine Learning Research},
  volume={17},
  number={1},
  pages={3790--3836},
  year={2016},
  publisher={JMLR. org}
}

@article{sos,
  title={Sum-of-Squares Polynomial Flow},
  author={Jaini, Priyank and Selby, Kira A and Yu, Yaoliang},
  journal={arXiv preprint arXiv:1905.02325},
  year={2019}
}

%%% NEW PAPERS %%%
@inproceedings{DAG-1,
  title={DAGs with NO TEARS: Continuous optimization for structure learning},
  author={Zheng, Xun and Aragam, Bryon and Ravikumar, Pradeep K and Xing, Eric P},
  booktitle={Advances in Neural Information Processing Systems},
  pages={9472--9483},
  year={2018}
}

@inproceedings{DAG-2,
  title={DAG-GNN: DAG Structure Learning with Graph Neural Networks},
  author={Yu, Yue and Chen, Jie and Gao, Tian and Yu, Mo},
  booktitle={International Conference on Machine Learning},
  pages={7154--7163},
  year={2019}
}

@article{DAG-3,
  title={Gradient-based neural dag learning},
  author={Lachapelle, S{\'e}bastien and Brouillard, Philippe and Deleu, Tristan and Lacoste-Julien, Simon},
  journal={arXiv preprint arXiv:1906.02226},
  year={2019}
}

@inproceedings{UMNN,
  title={Unconstrained monotonic neural networks},
  author={Wehenkel, Antoine and Louppe, Gilles},
  booktitle={Advances in Neural Information Processing Systems},
  pages={1543--1553},
  year={2019}
}

@article{flows-tori,
  title={Normalizing flows on tori and spheres},
  author={Rezende, Danilo Jimenez and Papamakarios, George and Racaniere, S{\'e}bastien and Albergo, Michael S and Kanwar, Gurtej and Shanahan, Phiala E and Cranmer, Kyle},
  journal={arXiv preprint arXiv:2002.02428},
  year={2020}
}

@article{flows-review,
  title={Normalizing Flows for Probabilistic Modeling and Inference},
  author={Papamakarios, George and Nalisnick, Eric and Rezende, Danilo Jimenez and Mohamed, Shakir and Lakshminarayanan, Balaji},
  journal={arXiv preprint arXiv:1912.02762},
  year={2019}
}

@inproceedings{neural-spline-flows,
  title={Neural spline flows},
  author={Durkan, Conor and Bekasov, Artur and Murray, Iain and Papamakarios, George},
  booktitle={Advances in Neural Information Processing Systems},
  pages={7509--7520},
  year={2019}
}

@article{flows-GW,
  title={Gravitational-wave parameter estimation with autoregressive neural network flows},
  author={Green, Stephen R and Simpson, Christine and Gair, Jonathan},
  journal={arXiv preprint arXiv:2002.07656},
  year={2020}
}

@article{chickering-NP-hard,
  title={Large-sample learning of Bayesian networks is NP-hard},
  author={Chickering, David Maxwell and Heckerman, David and Meek, Christopher},
  journal={Journal of Machine Learning Research},
  volume={5},
  number={Oct},
  pages={1287--1330},
  year={2004}
}

@incollection{d-separation,
  title={d-separation: From theorems to algorithms},
  author={Geiger, Dan and Verma, Thomas and Pearl, Judea},
  booktitle={Machine Intelligence and Pattern Recognition},
  volume={10},
  pages={139--148},
  year={1990},
  publisher={Elsevier}
}

@article{chow-liu,
  title={Approximating discrete probability distributions with dependence trees},
  author={Chow, C and Liu, Cong},
  journal={IEEE transactions on Information Theory},
  volume={14},
  number={3},
  pages={462--467},
  year={1968},
  publisher={IEEE}
}

@book{pc-algorithm,
  title={Causation, prediction, and search},
  author={Spirtes, Peter and Glymour, Clark N and Scheines, Richard and Heckerman, David},
  year={2000},
  publisher={MIT press}
}

@book{PGM-book,
  title={Probabilistic graphical models: principles and techniques},
  author={Koller, Daphne and Friedman, Nir},
  year={2009},
  publisher={MIT press}
}

@article{papamakarios2019normalizing,
  title={Normalizing Flows for Probabilistic Modeling and Inference},
  author={Papamakarios, George and Nalisnick, Eric and Rezende, Danilo Jimenez and Mohamed, Shakir and Lakshminarayanan, Balaji},
  journal={arXiv preprint arXiv:1912.02762},
  year={2019}
}

@ARTICLE{NF-review-2,
       author = {{Kobyzev}, Ivan and {Prince}, Simon and {Brubaker}, Marcus A.},
        title = "{Normalizing Flows: An Introduction and Review of Current Methods}",
      journal = {arXiv e-prints},
     keywords = {Statistics - Machine Learning, Computer Science - Machine Learning},
         year = 2019,
        month = aug,
          eid = {arXiv:1908.09257},
        pages = {arXiv:1908.09257},
archivePrefix = {arXiv},
       eprint = {1908.09257},
 primaryClass = {stat.ML},
       adsurl = {https://ui.adsabs.harvard.edu/abs/2019arXiv190809257K},
      adsnote = {Provided by the SAO/NASA Astrophysics Data System}
}

@inproceedings{johnson2016composing,
  title={Composing graphical models with neural networks for structured representations and fast inference},
  author={Johnson, Matthew J and Duvenaud, David K and Wiltschko, Alex and Adams, Ryan P and Datta, Sandeep R},
  booktitle={Advances in neural information processing systems},
  pages={2946--2954},
  year={2016}
}

@article{Pearl-BN,
  title={Bayesian networks},
  author={Pearl, Judea},
  year={2011}
}

@article{BN-app-1,
  title={DIAVAL, a Bayesian expert system for echocardiography},
  author={Diez, Francisco Javier and Mira, Jos{\'e} and Iturralde, E and Zubillaga, S},
  journal={Artificial Intelligence in Medicine},
  volume={10},
  number={1},
  pages={59--73},
  year={1997},
  publisher={Elsevier}
}

@article{BN-app-2,
  title={Construction of a Bayesian network for mammographic diagnosis of breast cancer},
  author={Kahn Jr, Charles E and Roberts, Linda M and Shaffer, Katherine A and Haddawy, Peter},
  journal={Computers in biology and medicine},
  volume={27},
  number={1},
  pages={19--29},
  year={1997},
  publisher={Elsevier}
}

@article{BN-app-3,
  title={A Bayesian network decision model for supporting the diagnosis of dementia, Alzheimer's disease and mild cognitive impairment},
  author={Seixas, Flavio Luiz and Zadrozny, Bianca and Laks, Jerson and Conci, Aura and Saade, D{\'e}bora Christina Muchaluat},
  journal={Computers in biology and medicine},
  volume={51},
  pages={140--158},
  year={2014},
  publisher={Elsevier}
}

@incollection{geiger1994learning,
  title={Learning gaussian networks},
  author={Geiger, Dan and Heckerman, David},
  booktitle={Uncertainty Proceedings 1994},
  pages={235--243},
  year={1994},
  publisher={Elsevier}
}

@inproceedings{friedman1998bayesian,
  title={Bayesian Network Classification with Continuous Attributes: Getting the Best of Both Discretization and Parametric Fitting.},
  author={Friedman, Nir and Goldszmidt, Moises and Lee, Thomas J},
  booktitle={ICML},
  volume={98},
  pages={179--187},
  year={1998}
}