@article{APHYNITY,
  title={Augmenting physical models with deep networks for complex dynamics forecasting},
  author={Yin, Yuan and Le Guen, Vincent and Dona, J{\'e}r{\'e}mie and de B{\'e}zenac, Emmanuel and Ayed, Ibrahim and Thome, Nicolas and Gallinari, Patrick},
  journal={Journal of Statistical Mechanics: Theory and Experiment},
  volume={2021},
  number={12},
  pages={124012},
  year={2021},
  publisher={IOP Publishing}
}

@inproceedings{krueger2021out,
  title={Out-of-distribution generalization via risk extrapolation (rex)},
  author={Krueger, David and Caballero, Ethan and Jacobsen, Joern-Henrik and Zhang, Amy and Binas, Jonathan and Zhang, Dinghuai and Le Priol, Remi and Courville, Aaron},
  booktitle={International Conference on Machine Learning},
  pages={5815--5826},
  year={2021},
  organization={PMLR}
}

@inproceedings{creager2021environment,
  title={Environment inference for invariant learning},
  author={Creager, Elliot and Jacobsen, J{\"o}rn-Henrik and Zemel, Richard},
  booktitle={International Conference on Machine Learning},
  pages={2189--2200},
  year={2021},
  organization={PMLR}
}

@article{HVAE,
  title={Physics-Integrated Variational Autoencoders for Robust and Interpretable Generative Modeling},
  author={Takeishi, Naoya and Kalousis, Alexandros},
  journal={Advances in Neural Information Processing Systems},
  volume={34},
  year={2021}
}

@article{geirhos2020shortcut,
  title={Shortcut learning in deep neural networks},
  author={Geirhos, Robert and Jacobsen, J{\"o}rn-Henrik and Michaelis, Claudio and Zemel, Richard and Brendel, Wieland and Bethge, Matthias and Wichmann, Felix A},
  journal={Nature Machine Intelligence},
  volume={2},
  number={11},
  pages={665--673},
  year={2020},
  publisher={Nature Publishing Group}
}

@inproceedings{NODE,
  title={Neural ordinary differential equations},
  author={Chen, Ricky TQ and Rubanova, Yulia and Bettencourt, Jesse and Duvenaud, David},
  booktitle={Proceedings of the 32nd International Conference on Neural Information Processing Systems},
  pages={6572--6583},
  year={2018}
}

@inproceedings{groupDRO_ICLR,
  title={Distributionally Robust Neural Networks for Group Shifts: On the Importance of Regularization for Worst-Case Generalization},
  author={Sagawa, Shiori and Koh, Pang Wei and Hashimoto, Tatsunori B and Liang, Percy},
  booktitle={International Conference on Learning Representations},
  year={2019}
}

@article{IRM,
  title={Invariant risk minimization},
  author={Arjovsky, Martin and Bottou, L{\'e}on and Gulrajani, Ishaan and Lopez-Paz, David},
  journal={arXiv preprint arXiv:1907.02893},
  year={2019}
}

@article{gulrajani2020search,
  title={In search of lost domain generalization},
  author={Gulrajani, Ishaan and Lopez-Paz, David},
  journal={arXiv preprint arXiv:2007.01434},
  year={2020}
}

@article{zhang2017aspect,
  title={Aspect-augmented adversarial networks for domain adaptation},
  author={Zhang, Yuan and Barzilay, Regina and Jaakkola, Tommi},
  journal={Transactions of the Association for Computational Linguistics},
  volume={5},
  pages={515--528},
  year={2017},
  publisher={MIT Press}
}
@article{wald2021calibration,
  title={On calibration and out-of-domain generalization},
  author={Wald, Yoav and Feder, Amir and Greenfeld, Daniel and Shalit, Uri},
  journal={arXiv preprint arXiv:2102.10395},
  year={2021}
}

@inproceedings{kim2019multiaccuracy,
  title={Multiaccuracy: Black-box post-processing for fairness in classification},
  author={Kim, Michael P and Ghorbani, Amirata and Zou, James},
  booktitle={Proceedings of the 2019 AAAI/ACM Conference on AI, Ethics, and Society},
  pages={247--254},
  year={2019}
}
@inproceedings{hebert2018multicalibration,
  title={Multicalibration: Calibration for the (computationally-identifiable) masses},
  author={H{\'e}bert-Johnson, Ursula and Kim, Michael and Reingold, Omer and Rothblum, Guy},
  booktitle={International Conference on Machine Learning},
  pages={1939--1948},
  year={2018},
  organization={PMLR}
}

@article{lahoti2020fairness,
  title={Fairness without demographics through adversarially reweighted learning},
  author={Lahoti, Preethi and Beutel, Alex and Chen, Jilin and Lee, Kang and Prost, Flavien and Thain, Nithum and Wang, Xuezhi and Chi, Ed H},
  journal={arXiv preprint arXiv:2006.13114},
  year={2020}
}


@inproceedings{hoffman2018cycada,
  title={Cycada: Cycle-consistent adversarial domain adaptation},
  author={Hoffman, Judy and Tzeng, Eric and Park, Taesung and Zhu, Jun-Yan and Isola, Phillip and Saenko, Kate and Efros, Alexei and Darrell, Trevor},
  booktitle={International conference on machine learning},
  pages={1989--1998},
  year={2018},
  organization={PMLR}
}

@inproceedings{li2018deep,
  title={Deep domain generalization via conditional invariant adversarial networks},
  author={Li, Ya and Tian, Xinmei and Gong, Mingming and Liu, Yajing and Liu, Tongliang and Zhang, Kun and Tao, Dacheng},
  booktitle={Proceedings of the European Conference on Computer Vision (ECCV)},
  pages={624--639},
  year={2018}
}

@article{ganin2016domain,
  title={Domain-adversarial training of neural networks},
  author={Ganin, Yaroslav and Ustinova, Evgeniya and Ajakan, Hana and Germain, Pascal and Larochelle, Hugo and Laviolette, Fran{\c{c}}ois and Marchand, Mario and Lempitsky, Victor},
  journal={The journal of machine learning research},
  volume={17},
  number={1},
  pages={2096--2030},
  year={2016},
  publisher={JMLR. org}
}

@inproceedings{koh2021wilds,
  title={Wilds: A benchmark of in-the-wild distribution shifts},
  author={Koh, Pang Wei and Sagawa, Shiori and Marklund, Henrik and Xie, Sang Michael and Zhang, Marvin and Balsubramani, Akshay and Hu, Weihua and Yasunaga, Michihiro and Phillips, Richard Lanas and Gao, Irena and others},
  booktitle={International Conference on Machine Learning},
  pages={5637--5664},
  year={2021},
  organization={PMLR}
}

@article{latent_ode_pharma,
  title={Integrating Expert ODEs into Neural ODEs: Pharmacology and Disease Progression},
  author={Qian, Zhaozhi and Zame, William R and van der Schaar, Mihaela and Fleuren, Lucas M and Elbers, Paul},
  journal={arXiv preprint arXiv:2106.02875},
  year={2021}
}

@article{hl_1,
  title={Neural Dynamical Systems: Balancing Structure and Flexibility in Physical Prediction},
  author={Mehta, Viraj and Char, Ian and Neiswanger, Willie and Chung, Youngseog and Nelson, Andrew Oakleigh and Boyer, Mark D and Kolemen, Egemen and Schneider, Jeff},
  journal={arXiv preprint arXiv:2006.12682},
  year={2020}
}

@article{hl_2,
  title={Neural network differential equations for ion channel modelling},
  author={Lei, Chon Lok and Mirams, Gary R},
  journal={Frontiers in Physiology},
  pages={1166},
  year={2021},
  publisher={Frontiers}
}

@article{hl_3,
  title={Deep learning and process understanding for data-driven Earth system science},
  author={Reichstein, Markus and Camps-Valls, Gustau and Stevens, Bjorn and Jung, Martin and Denzler, Joachim and Carvalhais, Nuno and others},
  journal={Nature},
  volume={566},
  number={7743},
  pages={195--204},
  year={2019},
  publisher={Nature Publishing Group}
}

@article{hl_4,
  title={Physics-incorporated convolutional recurrent neural networks for source identification and forecasting of dynamical systems},
  author={Saha, Priyabrata and Dash, Saurabh and Mukhopadhyay, Saibal},
  journal={arXiv preprint arXiv:2004.06243},
  year={2020}
}

@inproceedings{hl_5,
  title={Disentangling physical dynamics from unknown factors for unsupervised video prediction},
  author={Guen, Vincent Le and Thome, Nicolas},
  booktitle={Proceedings of the IEEE/CVF Conference on Computer Vision and Pattern Recognition},
  pages={11474--11484},
  year={2020}
}

@article{hl_6,
  title={A framework for machine learning of model error in dynamical systems},
  author={Levine, Matthew E and Stuart, Andrew M},
  journal={arXiv preprint arXiv:2107.06658},
  year={2021}
}

@article{old_hl_1,
  title={A hybrid neural network-first principles approach to process modeling},
  author={Psichogios, Dimitris C and Ungar, Lyle H},
  journal={AIChE Journal},
  volume={38},
  number={10},
  pages={1499--1511},
  year={1992},
  publisher={Wiley Online Library}
}

@inproceedings{old_hl_2,
  title={Continuous-time nonlinear signal processing: a neural network based approach for gray box identification},
  author={Rico-Martinez, R and Anderson, JS and Kevrekidis, IG},
  booktitle={Proceedings of IEEE Workshop on Neural Networks for Signal Processing},
  pages={596--605},
  year={1994},
  organization={IEEE}
}

@article{old_hl_3,
  title={Modeling chemical processes using prior knowledge and neural networks},
  author={Thompson, Michael L and Kramer, Mark A},
  journal={AIChE Journal},
  volume={40},
  number={8},
  pages={1328--1340},
  year={1994},
  publisher={Wiley Online Library}
}

@inproceedings{old_hl_4,
  title={Gray-box modeling of electric drive systems using neural networks},
  author={Rivera-Sampayo, Roberto and V{\'e}lez-Reyes, Miguel},
  booktitle={Proceedings of the 2001 IEEE International Conference on Control Applications (CCA'01)(Cat. No. 01CH37204)},
  pages={146--151},
  year={2001},
  organization={IEEE}
}

@article{old_hl_5,
  title={An inverse gray-box model for transient building load prediction},
  author={Braun, James E and Chaturvedi, Nitin},
  journal={HVAC\&R Research},
  volume={8},
  number={1},
  pages={73--99},
  year={2002},
  publisher={Taylor \& Francis}
}

@article{nuisance_para,
    author = "Zyla, P.A. and others",
    collaboration = "Particle Data Group",
    title = "{Review of Particle Physics}",
    doi = "10.1093/ptep/ptaa104",
    journal = "PTEP",
    volume = "2020",
    number = "8",
    pages = "083C01",
    year = "2020"
}
@article{lecun_cnn,
  title={Convolutional networks for images, speech, and time series},
  author={LeCun, Yann and Bengio, Yoshua and others},
  journal={The handbook of brain theory and neural networks},
  volume={3361},
  number={10},
  pages={1995},
  year={1995}
}

@inproceedings{gan_hl,
  title={Learning from simulated and unsupervised images through adversarial training},
  author={Shrivastava, Ashish and Pfister, Tomas and Tuzel, Oncel and Susskind, Joshua and Wang, Wenda and Webb, Russell},
  booktitle={Proceedings of the IEEE conference on computer vision and pattern recognition},
  pages={2107--2116},
  year={2017}
}

@article{graph_net_molecule,
  title={Masked graph modeling for molecule generation},
  author={Mahmood, Omar and Mansimov, Elman and Bonneau, Richard and Cho, Kyunghyun},
  journal={Nature communications},
  volume={12},
  number={1},
  pages={1--12},
  year={2021},
  publisher={Nature Publishing Group}
}

@article{universal_equivariance,
  title={Universal invariant and equivariant graph neural networks},
  author={Keriven, Nicolas and Peyr{\'e}, Gabriel},
  journal={Advances in Neural Information Processing Systems},
  volume={32},
  pages={7092--7101},
  year={2019}
}

@article{alphago,
  title={Mastering the game of go without human knowledge},
  author={Silver, David and Schrittwieser, Julian and Simonyan, Karen and Antonoglou, Ioannis and Huang, Aja and Guez, Arthur and Hubert, Thomas and Baker, Lucas and Lai, Matthew and Bolton, Adrian and others},
  journal={nature},
  volume={550},
  number={7676},
  pages={354--359},
  year={2017},
  publisher={Nature Publishing Group}
}

@article{lagrangian_nn,
  title={Lagrangian neural networks},
  author={Cranmer, Miles and Greydanus, Sam and Hoyer, Stephan and Battaglia, Peter and Spergel, David and Ho, Shirley},
  journal={arXiv preprint arXiv:2003.04630},
  year={2020}
}

@inproceedings{cubuk2019autoaugment,
  title={Autoaugment: Learning augmentation strategies from data},
  author={Cubuk, Ekin D and Zoph, Barret and Mane, Dandelion and Vasudevan, Vijay and Le, Quoc V},
  booktitle={Proceedings of the IEEE/CVF Conference on Computer Vision and Pattern Recognition},
  pages={113--123},
  year={2019}
}

@article{ppg-model,
  title={Physiological models of the human vasculature and photoplethysmography},
  author={Crabtree, Vincent P and Smith, Peter R},
  journal={Electronic Systems and Control Division Research, Department of Electronic and Electrical Engineering, Loughborough University},
  pages={60--63},
  year={2003},
  publisher={Citeseer}
}

@article{gnn,
  title={How powerful are graph neural networks?},
  author={Xu, Keyulu and Hu, Weihua and Leskovec, Jure and Jegelka, Stefanie},
  journal={arXiv preprint arXiv:1810.00826},
  year={2018}
}

@article{hh-model,
  title={A quantitative description of membrane current and its application to conduction and excitation in nerve},
  author={Hodgkin, Alan L and Huxley, Andrew F},
  journal={The Journal of physiology},
  volume={117},
  number={4},
  pages={500--544},
  year={1952},
  publisher={Wiley Online Library}
}

@article{sim2real-1,
  title={Sim2real transfer learning for 3d human pose estimation: motion to the rescue},
  author={Doersch, Carl and Zisserman, Andrew},
  journal={Advances in Neural Information Processing Systems},
  volume={32},
  pages={12949--12961},
  year={2019}
}

@inproceedings{sim2real-2,
  title={Sim2real viewpoint invariant visual servoing by recurrent control},
  author={Sadeghi, Fereshteh and Toshev, Alexander and Jang, Eric and Levine, Sergey},
  booktitle={Proceedings of the IEEE Conference on Computer Vision and Pattern Recognition},
  pages={4691--4699},
  year={2018}
}

@article{sim2real-3,
  title={Sim2real view invariant visual servoing by recurrent control},
  author={Sadeghi, Fereshteh and Toshev, Alexander and Jang, Eric and Levine, Sergey},
  journal={arXiv preprint arXiv:1712.07642},
  year={2017}
}

@book{mdl_book,
  title={The minimum description length principle},
  author={Gr{\"u}nwald, Peter D},
  year={2007},
  publisher={MIT press}
}

@article{metnet2,
  title={Skillful Twelve Hour Precipitation Forecasts using Large Context Neural Networks},
  author={Espeholt, Lasse and Agrawal, Shreya and S{\o}nderby, Casper and Kumar, Manoj and Heek, Jonathan and Bromberg, Carla and Gazen, Cenk and Hickey, Jason and Bell, Aaron and Kalchbrenner, Nal},
  journal={arXiv preprint arXiv:2111.07470},
  year={2021}
}